%% This BibTeX bibliography file was created using BibDesk.
%% https://bibdesk.sourceforge.io/

%% Created for circle at 2020-08-11 17:19:07 +0800 


%% Saved with string encoding Unicode (UTF-8) 



@article{yang,
	Author = {Yang, Xiang and Zafar, Suhaib and Wang, Jian-Xun and Xiao, Heng},
	Date-Added = {2020-08-11 17:18:58 +0800},
	Date-Modified = {2020-08-11 17:19:07 +0800},
	Doi = {10.1103/PhysRevFluids.4.034602},
	Journal = {Physical Review Fluids},
	Month = {03},
	Title = {Predictive large-eddy-simulation wall modeling via physics-informed neural networks},
	Volume = {4},
	Year = {2019},
	Bdsk-Url-1 = {https://doi.org/10.1103/PhysRevFluids.4.034602}}

@article{masataka,
	Author = {Masataka Gamahara},
	Date-Added = {2020-08-11 10:45:24 +0800},
	Date-Modified = {2020-08-11 10:45:24 +0800},
	Journal = {PHYSICAL REVIEW FLUIDS},
	Number = {054604},
	Title = {Searching for turbulence models by artificial neural network},
	Volume = {2},
	Year = {2017}}

@book{pop,
	Author = {Stephen B. Pope},
	Date-Added = {2020-08-10 23:46:14 +0800},
	Date-Modified = {2020-08-10 23:47:58 +0800},
	Editor = {1st},
	Publisher = {Cambridge Univ. Press},
	Title = {Turbulent Flows},
	Year = {2000}}

@book{les,
	Author = {E.Garnier and N.Adams and P.Sagaut},
	Date-Added = {2020-05-24 22:19:31 +0800},
	Date-Modified = {2020-05-24 22:20:41 +0800},
	Publisher = {Springer},
	Title = {Large Eddy Simulation for Compressible Flows},
	Year = {2009}}

@book{statistical_learning,
	Author = {Trevor Hastie and Robert Tibshirani and Jerome Friedman},
	Date-Added = {2020-05-24 22:17:09 +0800},
	Date-Modified = {2020-05-24 22:19:00 +0800},
	Publisher = {Springer},
	Title = {The elements of statistical learning},
	Year = {2017}}

@book{tuan,
	Author = {张兆顺 and 崔桂香 and 许春晓 and 黄伟希},
	Date-Added = {2020-05-22 14:54:15 +0800},
	Date-Modified = {2020-05-22 14:57:18 +0800},
	Publisher = {清华大学出版社},
	Title = {湍流理论与模拟},
	Year = {2017}}

@book{tujie,
	Author = {山下隆义},
	Date-Added = {2020-05-22 14:52:21 +0800},
	Date-Modified = {2020-05-22 14:53:47 +0800},
	Publisher = {人民邮电出版社},
	Title = {图解深度学习},
	Year = {2018}}

@article{xie,
	Author = {Xie, Chenyue and Wang, Jianchun and Li, Hui and Wan, Minping and Chen, Shiyi},
	Issn = {2095-0349},
	Journal = {Theoretical and Applied Mechanics Letters},
	Number = {1},
	Title = {Spatial artificial neural network model for subgrid-scale stress and heat flux of compressible turbulence},
	Type = {Journal Article},
	Volume = {10},
	Year = {2020}}

@article{zhou,
	Author = {Zhou, Zhideng and He, Guowei and Wang, Shizhao and Jin, Guodong},
	Issn = {0045-7930},
	Journal = {Computers and Fluids},
	Title = {Subgrid-scale model for large-eddy simulation of isotropic turbulent flows using an artificial neural network},
	Type = {Journal Article},
	Volume = {195},
	Year = {2019}}

@inproceedings{yin,
	Author = {尹宇辉 and 杨普 and 张宇飞},
	Booktitle = {中国力学大会（CCTAM 2019）},
	Pages = {13},
	Title = {基于机器学习的湍流建模研究},
	Type = {Conference Proceedings}}

@phdthesis{RN8,
	Author = {孙亮},
	Title = {基于机器学习的代数湍流模型建模},
	Type = {Thesis},
	University = {南京航空航天大学},
	Year = {2019}}

@article{RN7,
	Author = {张伟伟 and 朱林阳 and 刘溢浪 and 寇家庆},
	Issn = {0258-1825},
	Journal = {空气动力学学报},
	Number = {03},
	Pages = {444-454},
	Title = {机器学习在湍流模型构建中的应用进展},
	Type = {Journal Article},
	Volume = {37},
	Year = {2019}}

@article{xie2019artificial1,
	Author = {Xie, Chenyue and Wang, Jianchun and Li, Hui and Wan, Minping and Chen, Shiyi},
	Journal = {Physics of Fluids},
	Number = {8},
	Pages = {085112},
	Publisher = {AIP Publishing LLC},
	Title = {Artificial neural network mixed model for large eddy simulation of compressible isotropic turbulence},
	Volume = {31},
	Year = {2019}}

@article{xie2020spatially,
	Author = {Xie, Chenyue and Wang, Jianchun and Li, Hui and Wan, Minping and Chen, Shiyi},
	Journal = {AIP Advances},
	Number = {1},
	Pages = {015044},
	Publisher = {AIP Publishing LLC},
	Title = {Spatially multi-scale artificial neural network model for large eddy simulation of compressible isotropic turbulence},
	Volume = {10},
	Year = {2020}}

@article{xie2019artificial2,
	Author = {Xie, Chenyue and Wang, Jianchun and Li, Ke and Ma, Chao},
	Journal = {Physical Review E},
	Number = {5},
	Pages = {053113},
	Publisher = {APS},
	Title = {Artificial neural network approach to large-eddy simulation of compressible isotropic turbulence},
	Volume = {99},
	Year = {2019}}

@article{xie2019modeling,
	Author = {Xie, Chenyue and Li, Ke and Ma, Chao and Wang, Jianchun},
	Journal = {Physical Review Fluids},
	Number = {10},
	Pages = {104605},
	Publisher = {APS},
	Title = {Modeling subgrid-scale force and divergence of heat flux of compressible isotropic turbulence by artificial neural network},
	Volume = {4},
	Year = {2019}}
