%% This BibTeX bibliography file was created using BibDesk.
%% https://bibdesk.sourceforge.io/

%% Created for circle at 2021-01-13 21:36:19 +0800 


%% Saved with string encoding Unicode (UTF-8) 



@book{zhao,
	author = {赵凯华 and 罗蔚茵},
	date-added = {2021-01-13 21:26:40 +0800},
	date-modified = {2021-01-13 21:27:51 +0800},
	publisher = {高等教育出版社},
	title = {量子物理},
	year = {2008}}

@book{lin,
	author = {林家翘 and 西格尔},
	date-added = {2021-01-13 21:25:28 +0800},
	date-modified = {2021-01-13 21:36:19 +0800},
	publisher = {科学出版社},
	title = {自然科学中确定性问题的应用数学},
	year = {1986}}

@book{lau,
	author = {朗道},
	date-added = {2021-01-13 21:21:48 +0800},
	date-modified = {2021-01-13 21:25:13 +0800},
	publisher = {高等教育出版社},
	title = {量子力学（非相对论理论）},
	year = {2008}}
